@proceedings{jeevan2014compression,
  title={Compression of images represented in hexagonal lattice using wavelet and {G}abor filter},
  author={Jeevan, KM and Krishnakumar, S},
  booktitle={2014 International Conference on Contemporary Computing and Informatics (IC3I)},
  pages={609--613},
  year={2014},
  organization={IEEE},
  url={https://ieeexplore.ieee.org/document/7019622},
}

@misc{rfc2083,
  series =    {Request for Comments},
  number =    2083,
  howpublished =  {RFC 2083},
  publisher = {RFC Editor},
  doi =       {10.17487/RFC2083},
  url =       {https://www.rfc-editor.org/info/rfc2083},
  author =    {Thomas Boutell},
  title =     {{PNG (Portable Network Graphics) Specification Version 1.0}},
  pagetotal = 102,
  year =      1997,
  month =     3,
}

@article{sang2016dynamic,
  title={Dynamic scan control in {STEM}: Spiral scans},
  author={Sang, Xiahan and Lupini, Andrew R and Unocic, Raymond R and Chi, Miaofang and Borisevich, Albina Y and Kalinin, Sergei V and Endeve, Eirik and Archibald, Richard K and Jesse, Stephen},
  journal={Advanced Structural and Chemical Imaging},
  volume={2},
  number={1},
  pages={1--8},
  url={https://ascimaging.springeropen.com/articles/10.1186/s40679-016-0020-3},
  year={2016},
  publisher={Springer}
}

@article{petersen1962,
  title = {Sampling and reconstruction of wave-number-limited functions in {N}-dimensional {E}uclidean spaces},
  journal = {Information and Control},
  volume = {5},
  number = {4},
  pages = {279-323},
  year = {1962},
  issn = {0019-9958},
  doi = {https://doi.org/10.1016/S0019-9958(62)90633-2},
  url = {https://www.sciencedirect.com/science/article/pii/S0019995862906332},
  author = {Daniel P. Petersen and David Middleton},
}

@inproceedings{birdsong2016hexfft,
  title={The hexagonal fast {F}ourier transform},
  author={Birdsong, James B and Rummelt, Nicholas I},
  booktitle={2016 IEEE International Conference on Image Processing (ICIP)},
  pages={1809--1812},
  year={2016},
  organization={IEEE},
  url={https://ieeexplore.ieee.org/document/7532670},
}


@book{middleton2006hexagonal,
  title={Hexagonal image processing: A practical approach},
  author={Middleton, Lee and Sivaswamy, Jayanthi},
  year={2006},
  publisher={Springer Science \& Business Media}
}

@article{heintzmann2007,
  title = {The sampling limit in fluorescence microscopy},
  journal = {Micron},
  volume = {38},
  number = {2},
  pages = {145-149},
  year = {2007},
  note = {Special issue on Super-resolution and other Novel Microscopies},
  issn = {0968-4328},
  doi = {https://doi.org/10.1016/j.micron.2006.07.017},
  url = {https://www.sciencedirect.com/science/article/pii/S0968432806001260},
  author = {Rainer Heintzmann and Colin J.R. Sheppard},
}

@article{ziegler2013improved,
  title={Improved accuracy and speed in scanning probe microscopy by image reconstruction from non-gridded position sensor data},
  author={Ziegler, Dominik and Meyer, Travis R and Farnham, Rodrigo and Brune, Christoph and Bertozzi, Andrea L and Ashby, Paul D},
  journal={Nanotechnology},
  volume={24},
  number={33},
  pages={335703},
  year={2013},
  publisher={IOP Publishing},
  url={https://doi.org/10.1088/0957-4484/24/33/335703},
}
