@inproceedings{jeevan2014compression,
  title={Compression of images represented in hexagonal lattice using wavelet and {G}abor filter},
  author={Jeevan, KM and Krishnakumar, S},
  booktitle={2014 International Conference on Contemporary Computing and Informatics (IC3I)},
  pages={609--613},
  year={2014},
  organization={IEEE}
}

@misc{rfc2083,
    series =    {Request for Comments},
    number =    2083,
    howpublished =  {RFC 2083},
    publisher = {RFC Editor},
    doi =       {10.17487/RFC2083},
    url =       {https://www.rfc-editor.org/info/rfc2083},
        author =    {Thomas Boutell},
    title =     {{PNG (Portable Network Graphics) Specification Version 1.0}},
    pagetotal = 102,
    year =      1997,
    month =     mar,
    abstract =  {This document describes PNG (Portable Network Graphics), an extensible file format for the lossless, portable, well-compressed storage of raster images. This memo provides information for the Internet community. This memo does not specify an Internet standard of any kind.},
}

